% Encoding: UTF-8

@Article{Otten:2018kum,
  author        = {Otten, Sydney and Rolbiecki, Krzysztof and Caron, Sascha and Kim, Jong-Soo and Ruiz De Austri, Roberto and Tattersall, Jamie},
  title         = {{DeepXS: Fast approximation of MSSM electroweak cross sections at NLO}},
  year          = {2018},
  archiveprefix = {arXiv},
  eprint        = {1810.08312},
  github        = {SydneyOtten/DeepXS},
  primaryclass  = {hep-ph},
  slaccitation  = {%%CITATION = ARXIV:1810.08312;%%},
}


@Article{Papucci:2014rja,
  author        = {Papucci, Michele and Sakurai, Kazuki and Weiler, Andreas and Zeune, Lisa},
  title         = {{Fastlim: a fast LHC limit calculator}},
  journal       = {Eur. Phys. J.},
  year          = {2014},
  volume        = {C74},
  number        = {11},
  pages         = {3163},
  archiveprefix = {arXiv},
  doi           = {10.1140/epjc/s10052-014-3163-1},
  eprint        = {1402.0492},
  primaryclass  = {hep-ph},
  reportnumber  = {CERN-PH-TH-2014-019, DESY-14-010, KCL-PH-TH-2014-04, MCTP-14-03},
  slaccitation  = {%%CITATION = ARXIV:1402.0492;%%},
}

@Article{Aaboud:2016hhf,
  author        = {Aaboud, Morad and others},
  title         = {{Luminosity determination in pp collisions at $\sqrt{s}$ = 8 TeV using the ATLAS detector at the LHC}},
  journal       = {Eur. Phys. J.},
  year          = {2016},
  volume        = {C76},
  number        = {12},
  pages         = {653},
  archiveprefix = {arXiv},
  collaboration = {ATLAS},
  doi           = {10.1140/epjc/s10052-016-4466-1},
  eprint        = {1608.03953},
  primaryclass  = {hep-ex},
  reportnumber  = {CERN-EP-2016-117},
  slaccitation  = {%%CITATION = ARXIV:1608.03953;%%},
}

@TechReport{CMS:2018elu,
  author        = {CMS Collaboration},
  title         = {{CMS luminosity measurement for the 2017 data-taking period at $\sqrt{s} = 13~\mathrm{TeV}$}},
  year          = {2018},
  number        = {CMS-PAS-LUM-17-004},
  collaboration = {CMS},
  institution   = {CERN},
  reportnumber  = {CMS-PAS-LUM-17-004},
  slaccitation  = {%%CITATION = CMS-PAS-LUM-17-004;%%},
  url           = {https://cds.cern.ch/record/2621960},
}

@techreport{json,
    edition = {2nd Edition},
    author = {{ECMA International}},
    institution = {{ECMA International}},
    month = Dec,
    number = {{Standard ECMA-404 2nd Edition}},
    title = {{The JSON Data Interchange Format}},
    url = {https://www.ecma-international.org/publications/standards/Ecma-404.htm},
    year = {2017}
}

@article{pchip,
  author = {Fritsch, Frederick N and Carlson, Ralph E},
  doi = {10.1137/0717021},
  journal = {SIAM Journal on Numerical Analysis},
  number = 2,
  pages = {238-246},
  publisher = {SIAM},
  title = {Monotone piecewise cubic interpolation},
  volume = 17,
  year = 1980
}

@article{akima,
 author = {Akima, Hiroshi},
 title = {A New Method of Interpolation and Smooth Curve Fitting Based on Local Procedures},
 journal = {Journal of the ACM},
 volume = {17},
 number = {4},
 month = oct,
 year = {1970},
 pages = {589--602},
 doi = {10.1145/321607.321609},
 acmid = {321609},
}

@Comment{jabref-meta: databaseType:bibtex;}
