% Encoding: UTF-8

@Misc{ProspinoWeb,
  title     = {{Prospino2}},
  groups    = {Prospino2},
  retrieved = {Feb. 2019},
  url       = {https://www.thphys.uni-heidelberg.de/~plehn/index.php?show=prospino},
}

@InProceedings{Plehn:2004rp,
  author        = {Plehn, Tilman},
  title         = {{Measuring the MSSM Lagrangean}},
  booktitle     = {{Physics at LHC. Proceedings, Conference, PHLC 2004, Vienna, Austria, July 13-17, 2004}},
  year          = {2005},
  volume        = {55},
  pages         = {B213-B220},
  archiveprefix = {arXiv},
  eprint        = {hep-ph/0410063},
  groups        = {Prospino2},
  journal       = {Czech. J. Phys.},
  primaryclass  = {hep-ph},
  slaccitation  = {%%CITATION = HEP-PH/0410063;%%},
}

@InProceedings{Spira:2002rd,
  author        = {Spira, Michael},
  title         = {{Higgs and SUSY particle production at hadron colliders}},
  booktitle     = {{Supersymmetry and unification of fundamental interactions. Proceedings, 10th International Conference, SUSY'02, Hamburg, Germany, June 17-23, 2002}},
  year          = {2002},
  pages         = {217-226},
  archiveprefix = {arXiv},
  eprint        = {hep-ph/0211145},
  groups        = {Prospino2},
  primaryclass  = {hep-ph},
  reportnumber  = {PSI-PR-02-19},
  slaccitation  = {%%CITATION = HEP-PH/0211145;%%},
  url           = {http://www-library.desy.de/preparch/desy/proc/proc02-02/Proceedings/pl.1c/spira_pr.pdf},
}

@Article{Beenakker:1999xh,
  author        = {Beenakker, W. and Klasen, M. and Kramer, M. and Plehn, T. and Spira, M. and Zerwas, P. M.},
  title         = {{The Production of charginos / neutralinos and sleptons at hadron colliders}},
  journal       = {Phys. Rev. Lett.},
  year          = {1999},
  volume        = {83},
  pages         = {3780-3783},
  note          = {[Erratum: Phys. Rev. Lett.100,029901(2008)]},
  addendum      = {Erratum \href{https://dx.doi.org/10.1103/PhysRevLett.100.029901}{ibid. {\bfseries 100} (2008) 029901}},
  archiveprefix = {arXiv},
  doi           = {10.1103/PhysRevLett.83.3780},
  eprint        = {hep-ph/9906298},
  groups        = {Prospino2},
  primaryclass  = {hep-ph},
  reportnumber  = {CERN-TH-99-159, DESY-99-055, DTP-99-44, MADPH-99-1114, ANL-HEP-PR-99-71},
  slaccitation  = {%%CITATION = HEP-PH/9906298;%%},
}

@Article{Beenakker:1997ut,
  author        = {Beenakker, W. and Kramer, M. and Plehn, T. and Spira, M. and Zerwas, P. M.},
  title         = {{Stop production at hadron colliders}},
  journal       = {Nucl. Phys.},
  year          = {1998},
  volume        = {B515},
  pages         = {3-14},
  archiveprefix = {arXiv},
  doi           = {10.1016/S0550-3213(98)00014-5},
  eprint        = {hep-ph/9710451},
  groups        = {Prospino2, NLL-fast, NNLL-fast},
  primaryclass  = {hep-ph},
  reportnumber  = {DESY-97-214, CERN-TH-97-177, RAL-TR-97-056},
  slaccitation  = {%%CITATION = HEP-PH/9710451;%%},
}

@Article{Beenakker:1996ch,
  author        = {Beenakker, W. and Hopker, R. and Spira, M. and Zerwas, P. M.},
  title         = {{Squark and gluino production at hadron colliders}},
  journal       = {Nucl. Phys.},
  year          = {1997},
  volume        = {B492},
  pages         = {51-103},
  archiveprefix = {arXiv},
  doi           = {10.1016/S0550-3213(97)80027-2},
  eprint        = {hep-ph/9610490},
  groups        = {Prospino2, Prospino, NLL-fast, NNLL-fast},
  primaryclass  = {hep-ph},
  reportnumber  = {DESY-96-150, CERN-TH-96-215},
  slaccitation  = {%%CITATION = HEP-PH/9610490;%%},
}

@Misc{NLLfastWeb,
  title     = {{NLL-fast}},
  groups    = {NLL-fast},
  retrieved = {Feb. 2019},
  url       = {https://www.uni-muenster.de/Physik.TP/~akule_01/nnllfast/doku.php?id=nllfast},
}

@Article{Beenakker:2011fu,
  author        = {Beenakker, W. and Brensing, S. and Kramer, M. n and Kulesza, A. and Laenen, E. and Motyka, L. and Niessen, I.},
  title         = {{Squark and Gluino Hadroproduction}},
  journal       = {Int. J. Mod. Phys.},
  year          = {2011},
  volume        = {A26},
  pages         = {2637-2664},
  archiveprefix = {arXiv},
  doi           = {10.1142/S0217751X11053560},
  eprint        = {1105.1110},
  groups        = {NLL-fast},
  primaryclass  = {hep-ph},
  reportnumber  = {DESY-11-060, ITFA-11-09, ITP-UU-11-13, NIKHEF-2011-011, TTK-11-12},
  slaccitation  = {%%CITATION = ARXIV:1105.1110;%%},
}

@Article{Beenakker:2009ha,
  author        = {Beenakker, Wim and Brensing, Silja and Kramer, Michael and Kulesza, Anna and Laenen, Eric and Niessen, Irene},
  title         = {{Soft-gluon resummation for squark and gluino hadroproduction}},
  journal       = {JHEP},
  year          = {2009},
  volume        = {12},
  pages         = {041},
  archiveprefix = {arXiv},
  doi           = {10.1088/1126-6708/2009/12/041},
  eprint        = {0909.4418},
  groups        = {NLL-fast, NNLL-fast},
  primaryclass  = {hep-ph},
  reportnumber  = {ITP-UU-09-33, NIKHEF-2009-015},
  slaccitation  = {%%CITATION = ARXIV:0909.4418;%%},
}

@Article{Kulesza:2009kq,
  author        = {Kulesza, A. and Motyka, L.},
  title         = {{Soft gluon resummation for the production of gluino-gluino and squark-antisquark pairs at the LHC}},
  journal       = {Phys. Rev.},
  year          = {2009},
  volume        = {D80},
  pages         = {095004},
  archiveprefix = {arXiv},
  doi           = {10.1103/PhysRevD.80.095004},
  eprint        = {0905.4749},
  groups        = {NLL-fast, NNLL-fast},
  primaryclass  = {hep-ph},
  reportnumber  = {DESY-09-078, PITHA-09-11},
  slaccitation  = {%%CITATION = ARXIV:0905.4749;%%},
}

@Article{Kulesza:2008jb,
  author        = {Kulesza, A. and Motyka, L.},
  title         = {{Threshold resummation for squark-antisquark and gluino-pair production at the LHC}},
  journal       = {Phys. Rev. Lett.},
  year          = {2009},
  volume        = {102},
  pages         = {111802},
  archiveprefix = {arXiv},
  doi           = {10.1103/PhysRevLett.102.111802},
  eprint        = {0807.2405},
  groups        = {NLL-fast, NNLL-fast},
  primaryclass  = {hep-ph},
  reportnumber  = {DESY-08-096},
  slaccitation  = {%%CITATION = ARXIV:0807.2405;%%},
}


@Misc{LHCSUSYCSWG,
  title     = {{LHC SUSY Cross Section Working Group}},
  retrieved = {Feb. 2019},
  url       = {https://twiki.cern.ch/twiki/bin/view/LHCPhysics/SUSYCrossSections},
}

@Article{Otten:2018kum,
  author        = {Otten, Sydney and Rolbiecki, Krzysztof and Caron, Sascha and Kim, Jong-Soo and Ruiz De Austri, Roberto and Tattersall, Jamie},
  title         = {{DeepXS: Fast approximation of MSSM electroweak cross sections at NLO}},
  year          = {2018},
  archiveprefix = {arXiv},
  eprint        = {1810.08312},
  github        = {SydneyOtten/DeepXS},
  primaryclass  = {hep-ph},
  slaccitation  = {%%CITATION = ARXIV:1810.08312;%%},
}


@Article{Papucci:2014rja,
  author        = {Papucci, Michele and Sakurai, Kazuki and Weiler, Andreas and Zeune, Lisa},
  title         = {{Fastlim: a fast LHC limit calculator}},
  journal       = {Eur. Phys. J.},
  year          = {2014},
  volume        = {C74},
  number        = {11},
  pages         = {3163},
  archiveprefix = {arXiv},
  doi           = {10.1140/epjc/s10052-014-3163-1},
  eprint        = {1402.0492},
  primaryclass  = {hep-ph},
  reportnumber  = {CERN-PH-TH-2014-019, DESY-14-010, KCL-PH-TH-2014-04, MCTP-14-03},
  slaccitation  = {%%CITATION = ARXIV:1402.0492;%%},
}

@Article{Kramer:2012bx,
  author        = {Kramer, Michael and Kulesza, Anna and van der Leeuw, Robin and Mangano, Michelangelo and Padhi, Sanjay and Plehn, Tilman and Portell, Xavier},
  title         = {{Supersymmetry production cross sections in $pp$ collisions at $\sqrt{s}=7$ TeV}},
  year          = {2012},
  archiveprefix = {arXiv},
  eprint        = {1206.2892},
  primaryclass  = {hep-ph},
  reportnumber  = {CERN-PH-TH-2012-163},
  slaccitation  = {%%CITATION = ARXIV:1206.2892;%%},
}

@Article{Beenakker:1996ed,
  author        = {Beenakker, W. and Hopker, R. and Spira, M.},
  title         = {{PROSPINO: A Program for the production of supersymmetric particles in next-to-leading order QCD}},
  year          = {1996},
  archiveprefix = {arXiv},
  eprint        = {hep-ph/9611232},
  groups        = {Prospino},
  primaryclass  = {hep-ph},
  slaccitation  = {%%CITATION = HEP-PH/9611232;%%},
}

@Article{Beenakker:1995fp,
  author        = {Beenakker, W. and Hopker, R. and Spira, M. and Zerwas, P. M.},
  title         = {{Gluino pair production at the Tevatron}},
  journal       = {Z. Phys.},
  year          = {1995},
  volume        = {C69},
  pages         = {163-166},
  archiveprefix = {arXiv},
  doi           = {10.1007/s002880050016},
  eprint        = {hep-ph/9505416},
  groups        = {Prospino},
  primaryclass  = {hep-ph},
  reportnumber  = {DESY-95-104},
  slaccitation  = {%%CITATION = HEP-PH/9505416;%%},
}

@Article{Beenakker:1994an,
  author        = {Beenakker, W. and Hopker, R. and Spira, M. and Zerwas, P. M.},
  title         = {{Squark production at the Tevatron}},
  journal       = {Phys. Rev. Lett.},
  year          = {1995},
  volume        = {74},
  pages         = {2905-2908},
  archiveprefix = {arXiv},
  doi           = {10.1103/PhysRevLett.74.2905},
  eprint        = {hep-ph/9412272},
  groups        = {Prospino},
  primaryclass  = {hep-ph},
  reportnumber  = {DESY-94-212},
  slaccitation  = {%%CITATION = HEP-PH/9412272;%%},
}

@Article{Beenakker:2010nq,
  author        = {Beenakker, Wim and Brensing, Silja and Kramer, Michael and Kulesza, Anna and Laenen, Eric and Niessen, Irene},
  title         = {{Supersymmetric top and bottom squark production at hadron colliders}},
  journal       = {JHEP},
  year          = {2010},
  volume        = {08},
  pages         = {098},
  archiveprefix = {arXiv},
  doi           = {10.1007/JHEP08(2010)098},
  eprint        = {1006.4771},
  groups        = {NLL-fast, NNLL-fast},
  primaryclass  = {hep-ph},
  reportnumber  = {CERN-PH-TH-2010-142, ITFA-2010-015, ITP-UU-10-17, NIKHEF-2010-016, TTK-10-33},
  slaccitation  = {%%CITATION = ARXIV:1006.4771;%%},
}

%%% contains utf-8, see: https://inspirehep.net/info/faq/general#utf8
%%% add \usepackage[utf8]{inputenc} to your latex preamble

@Article{Beenakker:2015rna,
  author        = {Beenakker, Wim and Borschensky, Christoph and Krämer, Michael and Kulesza, Anna and Laenen, Eric and Marzani, Simone and Rojo, Juan},
  title         = {{NLO+NLL squark and gluino production cross-sections with threshold-improved parton distributions}},
  journal       = {Eur. Phys. J.},
  year          = {2016},
  volume        = {C76},
  number        = {2},
  pages         = {53},
  archiveprefix = {arXiv},
  doi           = {10.1140/epjc/s10052-016-3892-4},
  eprint        = {1510.00375},
  groups        = {NLL-fast},
  primaryclass  = {hep-ph},
  reportnumber  = {OUTP-15-18P, MS-TP-15-16, TTK-15-26, ITP-UU-15-13, NIKHEF-2015-032},
  slaccitation  = {%%CITATION = ARXIV:1510.00375;%%},
}

@Misc{NNLLfastWeb,
  title     = {{NNLL-fast}},
  groups    = {NNLL-fast},
  retrieved = {Feb. 2019},
  url       = {https://www.uni-muenster.de/Physik.TP/~akule_01/nnllfast/doku.php?id=start},
}

%%% contains utf-8, see: https://inspirehep.net/info/faq/general#utf8
%%% add \usepackage[utf8]{inputenc} to your latex preamble

@Article{Beenakker:2016lwe,
  author        = {Beenakker, Wim and Borschensky, Christoph and Krämer, Michael and Kulesza, Anna and Laenen, Eric},
  title         = {{NNLL-fast: predictions for coloured supersymmetric particle production at the LHC with threshold and Coulomb resummation}},
  journal       = {JHEP},
  year          = {2016},
  volume        = {12},
  pages         = {133},
  archiveprefix = {arXiv},
  doi           = {10.1007/JHEP12(2016)133},
  eprint        = {1607.07741},
  groups        = {NNLL-fast},
  primaryclass  = {hep-ph},
  reportnumber  = {MS-TP-16-17, NIKHEF-2016-037, TTK-16-28},
  slaccitation  = {%%CITATION = ARXIV:1607.07741;%%},
}

@Article{Beenakker:2016gmf,
  author        = {Beenakker, Wim and Borschensky, Christoph and Heger, Raphael and Kr\mer, Michael and Kulesza, Anna and Laenen, Eric},
  title         = {{NNLL resummation for stop pair-production at the LHC}},
  journal       = {JHEP},
  year          = {2016},
  volume        = {05},
  pages         = {153},
  archiveprefix = {arXiv},
  doi           = {10.1007/JHEP05(2016)153},
  eprint        = {1601.02954},
  groups        = {NNLL-fast},
  primaryclass  = {hep-ph},
  reportnumber  = {MS-TP-16-01, TTK-16-01, NIKHEF-2016-002},
  slaccitation  = {%%CITATION = ARXIV:1601.02954;%%},
}

@Article{Beenakker:2013mva,
  author        = {Beenakker, Wim and Janssen, Tim and Lepoeter, Susanne and Kr\amer, Michael and Kulesza, Anna and Laenen, Eric and Niessen, Irene and Thewes, Silja and Van Daal, Tom},
  title         = {{Towards NNLL resummation: hard matching coefficients for squark and gluino hadroproduction}},
  journal       = {JHEP},
  year          = {2013},
  volume        = {10},
  pages         = {120},
  archiveprefix = {arXiv},
  doi           = {10.1007/JHEP10(2013)120},
  eprint        = {1304.6354},
  groups        = {NNLL-fast},
  primaryclass  = {hep-ph},
  reportnumber  = {NIKHEF-2012-016, MS-TP-13-10, TTK-13-10, DESY-13-072},
  slaccitation  = {%%CITATION = ARXIV:1304.6354;%%},
}

%%% contains utf-8, see: https://inspirehep.net/info/faq/general#utf8
%%% add \usepackage[utf8]{inputenc} to your latex preamble

@Article{Beenakker:2014sma,
  author        = {Beenakker, Wim and Borschensky, Christoph and Kr\"amer, Michael and Kulesza, Anna and Laenen, Eric and Theeuwes, Vincent and Thewes, Silja},
  title         = {{NNLL resummation for squark and gluino production at the LHC}},
  journal       = {JHEP},
  year          = {2014},
  volume        = {12},
  pages         = {023},
  __markedentry = {[misho:]},
  archiveprefix = {arXiv},
  doi           = {10.1007/JHEP12(2014)023},
  eprint        = {1404.3134},
  groups        = {NNLL-fast},
  primaryclass  = {hep-ph},
  reportnumber  = {MS-TP-14-16, TTK-14-08, NIKHEF-2014-009, ITP-UU-14-11},
  slaccitation  = {%%CITATION = ARXIV:1404.3134;%%},
}

@Article{Beenakker:2011sf,
  author        = {Beenakker, Wim and Brensing, Silja and Kramer, Michael and Kulesza, Anna and Laenen, Eric and Niessen, Irene},
  title         = {{NNLL resummation for squark-antisquark pair production at the LHC}},
  journal       = {JHEP},
  year          = {2012},
  volume        = {01},
  pages         = {076},
  archiveprefix = {arXiv},
  doi           = {10.1007/JHEP01(2012)076},
  eprint        = {1110.2446},
  groups        = {NNLL-fast},
  primaryclass  = {hep-ph},
  reportnumber  = {DESY-11-175, ITP-UU-11-36, ITFA-11-14, NIKHEF-2011-027, TTK-11-47},
  slaccitation  = {%%CITATION = ARXIV:1110.2446;%%},
}

@Comment{jabref-meta: databaseType:bibtex;}

@Comment{jabref-meta: grouping:
0 AllEntriesGroup:;
1 StaticGroup:Prospino2\;0\;1\;\;\;\;;
1 StaticGroup:Prospino\;0\;1\;\;\;\;;
1 StaticGroup:NLL-fast\;0\;1\;\;\;\;;
1 StaticGroup:NNLL-fast\;0\;1\;\;\;\;;
}
